%%%%%%%%%%%%%%%%%%%%%%%%%%%%%%
%%% REFERENCES 
%%%%%%%%%%%%%%%%%%%%%%%%%%%%%%
%%1%%
@article{1,
  author={Gabor,D.},
  title={Holography, 1948-1971}, 
  journal={Proceedings of the IEEE}, 
  volume={60},
  number={6},
  pages={655-668},
  year={1972}
  }
%%2%%
  @article{2,
  author={Leith,E.N. and Upatnieks,J.},
  title={Wavefront Reconstruction with Continuous-Tone Objects}, 
  journal={Journal of the Optical Society of America}, 
  volume={53},
  number={12},
  pages={1377-1381},
  year={1963}
  }
%%3%%
  @article{3,
  author={Denisyuk,Y.N.},
  title={On reflecting optical properties of an object in the wave field of radiation scattered by this object}, 
  journal={Proceedings of the USSR Academy of Sciences}, 
  volume={144},
  pages={1275-1278},
  year={1962}
  }
%%4%%
@book{4,
  author={Hariharan,P.},
  title={Optical Holography: Principles, Techniques and Applications},
  publisher={Cambridge University Press},
  year={1996}
}
%%5%%
@book{5,
  author={Saleh,B.E.A. and Teich,M.C.},
  title={Fundamentals of Photonics},
  publisher={John Wiley \& Sons},
  year={2019}
}
%%6%%
@book{6,
  author={Ersoy,O.K.},
  title={Diffraction, Fourier Optics and Imaging},
  publisher={John Wiley \& Sons},
  year={2006}
}
%%7%%
@article{7,
  author = {Williams,R.P},
  title = {A convolution and fourier-transform approach to paraxial optics},
  journal = {Contemporary Physics},
  volume = {15},
  number = {6},
  pages = {537-552},
  year  = {1974}
}
%%8%%
@book{8,
  author={Poon,T.C},
  title={Optical scanning holography with MATLAB},
  publisher={Springer},
  year={2007},
}
%%9%%
@book{9, 
  author={Nehmetallah,G. and Aylo,R. and Williams,L.},
  title={Analog and digital holography with MATLAB},
  publisher={Society of Photo-Optical Instrumentation Engineers Press}, 
  year={2015}
}
%%10%%
@book{10, 
  author={Poon,T.C. and Liu,J.P.},
  title={Introduction to Modern Digital Holography: with MATLAB},
  publisher={Cambridge University Press},
  year={2014}
}
%%11%%
@article{11,
   author = {Awatsuji,Y. and Fujii,A. and Kubota,T. and Matoba,O.},
   title = {Parallel three-step phase-shifting digital holography},
   journal = {Applied Optics},
   volume = {45},
   number = {13},
   pages = {2995--3002},
   year = {2006}
}
%%12%%
@book{12,
  title={Linear Systems, Fourier Transforms, and Optics},
  author={Gaskill, J.D},
  publisher={John Wiley \& Sons},
  year={1978}
}
%%13%%
 @book{13,
     author = {Goodman,J.W.},
     title = {Introduction to Fourier Optics},
     publisher = {Roberts and Company Publishers},
     year={2005}}
%%%%%%%%%%%%%%%%%%%%%%%%%%%%%%
%%% END 
%%%%%%%%%%%%%%%%%%%%%%%%%%%%%%
